<?xml version="1.0" encoding="UTF-8"?>
<SOAP-ENV:Envelope xmlns:SOAP-ENV="http://schemas.xmlsoap.org/soap/envelope/" xmlns:of="http://oss.dbc.dk/ns/openformat" xmlns:ofo="http://oss.dbc.dk/ns/openformatoutput"><SOAP-ENV:Body><of:formatResponse><marc:record xmlns:marc="http://www.loc.gov/MARC21/slim"><leader>00000nam a22000000c 4500</leader><controlfield tag="001">870970:28057725</controlfield><controlfield tag="003">DKDLA</controlfield><controlfield tag="005">20100104181527.0</controlfield><controlfield tag="007">cr||||</controlfield><controlfield tag="007">t|</controlfield><controlfield tag="008">091215s2009    dk |||||| ||| 00||fdan||</controlfield><datafield ind1="1" ind2=" " tag="100"><subfield code="a">Bang, Herman</subfield><subfield code="4">aut</subfield></datafield><datafield ind1=" " ind2="0" tag="245"><subfield code="a">Ludvigsbakke</subfield></datafield><datafield ind1=" " ind2=" " tag="250"><subfield code="a">1. e-bogsudgave</subfield></datafield><datafield ind1=" " ind2=" " tag="260"><subfield code="b">Gyldendal,</subfield><subfield code="c">2009</subfield></datafield><datafield ind1=" " ind2=" " tag="490"><subfield code="a">Gyldendals e-bøger</subfield></datafield><datafield ind1=" " ind2=" " tag="856"><subfield code="z">Adgangsmåde: Internet </subfield><subfield code="u">http://ebog.dk/apc/direct.php?ISBN="9788702087314" </subfield><subfield code="z">Adgang til køb ved udgivelsen</subfield></datafield></marc:record></of:formatResponse></SOAP-ENV:Body></SOAP-ENV:Envelope>
